<?xml version="1.0" encoding="UTF-8"?><collection xmlns="http://www.loc.gov/MARC21/slim"><record><leader>00475nam--2200169-i-4500</leader><controlfield tag="001">000009936</controlfield><controlfield tag="002">20161230</controlfield><controlfield tag="005">20161230201028</controlfield><controlfield tag="008">060222s1000------------r-----000-0-eng-d</controlfield><datafield ind1=" " ind2=" " tag="040"><subfield code="a">IFIN-HH</subfield></datafield><datafield ind1="1" ind2=" " tag="100"><subfield code="a">Cromer, Alan H.And Saletan, Eugene J</subfield></datafield><datafield ind1="1" ind2="0" tag="245"><subfield code="a">Theoretical mechanics</subfield><subfield code="c">Eugene J. Saletan, Alan H. Cromer</subfield></datafield><datafield ind1=" " ind2=" " tag="260"><subfield code="a">New York, John Wiley &amp; Sons, Inc., 1971</subfield></datafield><datafield ind1=" " ind2=" " tag="300"><subfield code="a">XI+376P</subfield></datafield><datafield ind1="1" ind2=" " tag="700"><subfield code="a">Cromer, Alan H</subfield></datafield><datafield ind1=" " ind2=" " tag="852"><subfield code="a">35977</subfield><subfield code="c">531</subfield></datafield><datafield ind1=" " ind2=" " tag="CAT"><subfield code="a">Sys</subfield><subfield code="c">20100624</subfield><subfield code="h">104037</subfield></datafield></record></collection>